=LDR  00784cam a2200229 a 4500
=001  3552137
=005  20060320114932.0
=008  990831m19231939enka\\\\\\\\\\001\0\eng\d
=019  \\$a'83.12603
=035  \\$a(RLG)190013351199
=035  \\$z(UPvMLC)347549(0703)
=035  \\$a(UkLCURL)190013351199
=040  \\$cUPvMLC$dCUD$dOCoLC
=245  04$aThe Cambridge ancient history /$cedited by J.B. Bury ... [et al.].
=260  \\$aCambridge :$bCambridge University Press,$c1923-1939.
=300  \\$a12 v. :$bill. ;$c24 cm.
=500  \\$aAccompanied by 5 v. of plates, prepared by C.T. Seltman.
=650  \0$aHistory, Ancient.
=700  1\$aBury, J. B.$q(John Bagnell),$d1861-1927.
=700  1\$aSeltman, Charles Theodore,$d1886-1957.
=947  \\$ause$dOpen classmark.$zopen
=947  \\$alacks$b6xx$z600

