=LDR  01321cam a2200289 a 4500
=001  4890850
=005  20100215154244.0
=008  100208m18871888enk\\\\\\\\\\\000\0\eng\d
=100  1\$aPepys, Samuel,$d1633-1703.
=240  10$aDiary of Samuel Pepys.$kSelections
=245  14$aThe diary of Samuel Pepys.
=246  37$aPepys' diary
=260  \\$aLondon ;$aParis ;$aNew York ;$aMelbourne :$bCassell & Company, Limited,$c1887-1888.
=300  \\$a6 v. ;$c15 cm.
=490  1\$aCassell's national library ;$v86, 94, 102, 111, 120, 126
=500  \\$aIntroduction by Henry Morley.
=500  \\$aIssued in parts, in the series Cassell's national library.
=505  0\$aJanuary to October 1666 -- November 1666 to May 1667 -- June to October 1667 -- October 1667 to March 1668 -- March to November 1668 -- November 1668, to end of diary.
=600  10$aPepys, Samuel,$d1633-1703.
=650  \0$aStatesmen$zGreat Britain$vDiaries.
=650  \0$aAuthors, English$yEarly modern, 1500-1700$vDiaries.
=651  \0$aGreat Britain$xHistory$yCharles II, 1660-1685$vSources.
=651  \0$aGreat Britain$xSocial life and customs$y17th century$vSources.
=700  1\$aMorley, Henry,$d1822-1894.
=830  \0$aCassell's national library ;$v86, 94, 102, 111, 120, 126.
=948  1\$a20100208$brjg58$cULTWR-h$dz
=948  2\$a20100215$brjg58$cULTWR-h$da

